@article{huang2021,
    doi = {10.1103/physrevapplied.16.024051},
    url = {https://doi.org/10.1103%2Fphysrevapplied.16.024051},
    year = 2021,
    month = {aug},
    publisher = {American Physical Society ({APS})},
    volume = {16},
    number = {2},
    author = {He-Liang Huang and Yuxuan Du and Ming Gong and Youwei Zhao and Yulin Wu and Chaoyue Wang and Shaowei Li and Futian Liang and Jin Lin and Yu Xu and Rui Yang and Tongliang Liu and Min-Hsiu Hsieh and Hui Deng and Hao Rong and Cheng-Zhi Peng and Chao-Yang Lu and Yu-Ao Chen and Dacheng Tao and Xiaobo Zhu and Jian-Wei Pan},
    title = {Experimental Quantum Generative Adversarial Networks for Image Generation},
    journal = {Physical Review Applied}
}

@conference{quic06,
  title = {Quantum States and Partial Trace},
  year = 2018,
  booktitle = {QuIC Seminar},
  number = {Semester I},
  author = {Ryan LaRose},
  url = {https://www.ryanlarose.com/uploads/1/1/5/8/115879647/quic06-states-trace.pdf}
}

@misc{ibmq_plans,
  title={IBM Quantum Computing: Access Plans},
  url={https://www.ibm.com/quantum/access-plans},
  journal={IBM Quantum Computing | Access Plans},
  year={2015},
  month={Oct}
}

@misc{pennylane-qiskit,
  title={Qiskit plugin},
  url={https://docs.pennylane.ai/projects/qiskit},
  journal={PennyLane}
} 

@inproceedings{ravi2021quantum,
  title={Quantum Computing in the Cloud: Analyzing job and machine characteristics},
  author={Ravi, Gokul Subramanian and Smith, Kaitlin N and Gokhale, Pranav and Chong, Frederic T},
  booktitle={2021 IEEE International Symposium on Workload Characterization (IISWC)},
  pages={39--50},
  year={2021},
  organization={IEEE}
}

@misc{aer,
  title={The Aer device},
  url={https://docs.pennylane.ai/projects/qiskit/en/latest/devices/aer.html},
  journal={PennyLane}
}

@article{linke2017experimental,
  title={Experimental comparison of two quantum computing architectures},
  author={Linke, Norbert M and Maslov, Dmitri and Roetteler, Martin and Debnath, Shantanu and Figgatt, Caroline and Landsman, Kevin A and Wright, Kenneth and Monroe, Christopher},
  journal={Proceedings of the National Academy of Sciences},
  volume={114},
  number={13},
  pages={3305--3310},
  year={2017},
  publisher={National Acad Sciences}
}

@online{ellis2022quantum,
  author = {Ellis, James},
  title = {Quantum GANs},
  year = {2022},
  url = {https://pennylane.ai/qml/demos/tutorial_quantum_gans.html},
  urldate = {2023-04-14}
}
